@book{weibel,
	author = "Charles A. Weibel",
	title = "An introduction to homological algebra",
	year = "1994",
	publisher = "Cambridge University Press"
}

@online{friendorfoe,
	author = "Ravi Vakil",
	title = "SPECTRAL SEQUENCES: FRIEND OR FOE?",
	url = {http://math.stanford.edu/~vakil/0708-216/216ss.pdf}
}
